{
  "Name": "International Business Machines",
  "Symbol": "IBM",
  "Description": "International Business Machines Corporation (IBM) is an American multinational technology company headquartered in Armonk, New York, with operations in over 170 countries. The company began in 1911, founded in Endicott, New York, as the Computing-Tabulating-Recording Company (CTR) and was renamed International Business Machines in 1924. IBM is incorporated in New York. IBM produces and sells computer hardware, middleware and software, and provides hosting and consulting services in areas ranging from mainframe computers to nanotechnology. IBM is also a major research organization, holding the record for most annual U.S. patents generated by a business (as of 2020) for 28 consecutive years. Inventions by IBM include the automated teller machine (ATM), the floppy disk, the hard disk drive, the magnetic stripe card, the relational database, the SQL programming language, the UPC barcode, and dynamic random-access memory (DRAM). The IBM mainframe, exemplified by the System/360, was the dominant computing platform during the 1960s and 1970s.",
  "Sector": "TECHNOLOGY",
  "Industry": "COMPUTER & OFFICE EQUIPMENT",
  "MarketCapitalization": "242516640000",
  "IncomeStatement": [
      { "fiscalDateEnding": "2024-12-31", "totalRevenue": "62753000000" },
      { "fiscalDateEnding": "2023-12-31", "totalRevenue": "61860000000" },
      { "fiscalDateEnding": "2022-12-31", "totalRevenue": "60530000000" },
      { "fiscalDateEnding": "2021-12-31", "totalRevenue": "57350000000" },
      { "fiscalDateEnding": "2020-12-31", "totalRevenue": "55179000000" },
      { "fiscalDateEnding": "2019-12-31", "totalRevenue": "57714000000" },
      { "fiscalDateEnding": "2018-12-31", "totalRevenue": "79591000000" },
      { "fiscalDateEnding": "2017-12-31", "totalRevenue": "79139000000" },
      { "fiscalDateEnding": "2016-12-31", "totalRevenue": "79919000000" },
      { "fiscalDateEnding": "2015-12-31", "totalRevenue": "81741000000" },
      { "fiscalDateEnding": "2014-12-31", "totalRevenue": "92793000000" },
      { "fiscalDateEnding": "2013-12-31", "totalRevenue": "98367000000" },
      { "fiscalDateEnding": "2012-12-31", "totalRevenue": "102874000000" },
      { "fiscalDateEnding": "2011-12-31", "totalRevenue": "106916000000" },
      { "fiscalDateEnding": "2010-12-31", "totalRevenue": "99870000000" },
      { "fiscalDateEnding": "2009-12-31", "totalRevenue": "95758000000" }
    ]
  }